%YAML 1.1
%TAG !u! tag:unity3d.com,2011:
--- !u!1 &7746209064898433462
GameObject:
  m_ObjectHideFlags: 0
  m_CorrespondingSourceObject: {fileID: 0}
  m_PrefabInstance: {fileID: 0}
  m_PrefabAsset: {fileID: 0}
  serializedVersion: 6
  m_Component:
  - component: {fileID: 7746209064898433423}
  - component: {fileID: 7746209064898433416}
  - component: {fileID: 7746209064898433417}
  - component: {fileID: 7746209064898433418}
  - component: {fileID: 7746209064898433419}
  m_Layer: 0
  m_Name: StartWall
  m_TagString: Untagged
  m_Icon: {fileID: 0}
  m_NavMeshLayer: 0
  m_StaticEditorFlags: 0
  m_IsActive: 1
--- !u!4 &7746209064898433423
Transform:
  m_ObjectHideFlags: 0
  m_CorrespondingSourceObject: {fileID: 0}
  m_PrefabInstance: {fileID: 0}
  m_PrefabAsset: {fileID: 0}
  m_GameObject: {fileID: 7746209064898433462}
  m_LocalRotation: {x: 0, y: 1, z: 0, w: -0.00000004371139}
  m_LocalPosition: {x: -107.5, y: 24.8, z: -4.7}
  m_LocalScale: {x: 2, y: 50, z: 63.34943}
  m_Children: []
  m_Father: {fileID: 0}
  m_RootOrder: 0
  m_LocalEulerAnglesHint: {x: 0, y: 0, z: 0}
--- !u!33 &7746209064898433416
MeshFilter:
  m_ObjectHideFlags: 0
  m_CorrespondingSourceObject: {fileID: 0}
  m_PrefabInstance: {fileID: 0}
  m_PrefabAsset: {fileID: 0}
  m_GameObject: {fileID: 7746209064898433462}
  m_Mesh: {fileID: 0}
--- !u!23 &7746209064898433417
MeshRenderer:
  m_ObjectHideFlags: 0
  m_CorrespondingSourceObject: {fileID: 0}
  m_PrefabInstance: {fileID: 0}
  m_PrefabAsset: {fileID: 0}
  m_GameObject: {fileID: 7746209064898433462}
  m_Enabled: 1
  m_CastShadows: 1
  m_ReceiveShadows: 1
  m_DynamicOccludee: 1
  m_MotionVectors: 1
  m_LightProbeUsage: 1
  m_ReflectionProbeUsage: 1
  m_RayTracingMode: 2
  m_RayTraceProcedural: 0
  m_RenderingLayerMask: 1
  m_RendererPriority: 0
  m_Materials:
  - {fileID: 2100000, guid: 99c80548b1df7044281ddaed1d658ead, type: 2}
  m_StaticBatchInfo:
    firstSubMesh: 0
    subMeshCount: 0
  m_StaticBatchRoot: {fileID: 0}
  m_ProbeAnchor: {fileID: 0}
  m_LightProbeVolumeOverride: {fileID: 0}
  m_ScaleInLightmap: 1
  m_ReceiveGI: 1
  m_PreserveUVs: 0
  m_IgnoreNormalsForChartDetection: 0
  m_ImportantGI: 0
  m_StitchLightmapSeams: 1
  m_SelectedEditorRenderState: 2
  m_MinimumChartSize: 4
  m_AutoUVMaxDistance: 0.5
  m_AutoUVMaxAngle: 89
  m_LightmapParameters: {fileID: 0}
  m_SortingLayerID: 0
  m_SortingLayer: 0
  m_SortingOrder: 0
  m_AdditionalVertexStreams: {fileID: 0}
--- !u!114 &7746209064898433418
MonoBehaviour:
  m_ObjectHideFlags: 0
  m_CorrespondingSourceObject: {fileID: 0}
  m_PrefabInstance: {fileID: 0}
  m_PrefabAsset: {fileID: 0}
  m_GameObject: {fileID: 7746209064898433462}
  m_Enabled: 1
  m_EditorHideFlags: 0
  m_Script: {fileID: -1508455596, guid: 18036820e4eaef34a9ef9afc1a245ef1, type: 3}
  m_Name: 
  m_EditorClassIdentifier: 
  editableMesh_:
    editMeshVersion: 1
    mainPolygons_:
    - vertices_:
      - pos: {x: 0.5, y: -0.5, z: 0.5}
        uv: {x: 0, y: 0}
        color: {r: 1, g: 1, b: 1, a: 1}
      - pos: {x: 0.5, y: 0.5, z: 0.5}
        uv: {x: 0, y: 1}
        color: {r: 1, g: 1, b: 1, a: 1}
      - pos: {x: -0.5, y: 0.5, z: 0.5}
        uv: {x: 1, y: 1}
        color: {r: 1, g: 1, b: 1, a: 1}
      edges_:
      - i0_: 0
        i1_: 1
      - i0_: 1
        i1_: 2
      - i0_: 2
        i1_: 0
      uvParams_:
        shift: {x: 0, y: 0}
        scale: {x: 1, y: 1}
        rotation: 0
      plane_:
        normal_: {x: 0, y: -0, z: 1}
        distance_: -0.5
      matID_: 0
      flags_: 1
      instanceID_: 27541
      groupID: 0
    - vertices_:
      - pos: {x: 0.5, y: -0.5, z: 0.5}
        uv: {x: 0, y: 0}
        color: {r: 1, g: 1, b: 1, a: 1}
      - pos: {x: -0.5, y: 0.5, z: 0.5}
        uv: {x: 1, y: 1}
        color: {r: 1, g: 1, b: 1, a: 1}
      - pos: {x: -0.5, y: -0.5, z: 0.5}
        uv: {x: 1, y: 0}
        color: {r: 1, g: 1, b: 1, a: 1}
      edges_:
      - i0_: 0
        i1_: 1
      - i0_: 1
        i1_: 2
      - i0_: 2
        i1_: 0
      uvParams_:
        shift: {x: 0, y: 0}
        scale: {x: 1, y: 1}
        rotation: 0
      plane_:
        normal_: {x: 0, y: 0, z: 1}
        distance_: -0.5
      matID_: 0
      flags_: 1
      instanceID_: 27543
      groupID: 0
    - vertices_:
      - pos: {x: 0.5, y: 0.5, z: -0.5}
        uv: {x: 0, y: 0}
        color: {r: 1, g: 1, b: 1, a: 1}
      - pos: {x: 0.5, y: -0.5, z: -0.5}
        uv: {x: 0, y: 1}
        color: {r: 1, g: 1, b: 1, a: 1}
      - pos: {x: -0.5, y: -0.5, z: -0.5}
        uv: {x: 1, y: 1}
        color: {r: 1, g: 1, b: 1, a: 1}
      edges_:
      - i0_: 0
        i1_: 1
      - i0_: 1
        i1_: 2
      - i0_: 2
        i1_: 0
      uvParams_:
        shift: {x: 0, y: 0}
        scale: {x: 1, y: 1}
        rotation: 0
      plane_:
        normal_: {x: 0, y: 0, z: -1}
        distance_: -0.5
      matID_: 0
      flags_: 1
      instanceID_: 27549
      groupID: 0
    - vertices_:
      - pos: {x: 0.5, y: 0.5, z: -0.5}
        uv: {x: 0, y: 0}
        color: {r: 1, g: 1, b: 1, a: 1}
      - pos: {x: -0.5, y: -0.5, z: -0.5}
        uv: {x: 1, y: 1}
        color: {r: 1, g: 1, b: 1, a: 1}
      - pos: {x: -0.5, y: 0.5, z: -0.5}
        uv: {x: 1, y: 0}
        color: {r: 1, g: 1, b: 1, a: 1}
      edges_:
      - i0_: 0
        i1_: 1
      - i0_: 1
        i1_: 2
      - i0_: 2
        i1_: 0
      uvParams_:
        shift: {x: 0, y: 0}
        scale: {x: 1, y: 1}
        rotation: 0
      plane_:
        normal_: {x: 0, y: 0, z: -1}
        distance_: -0.5
      matID_: 0
      flags_: 1
      instanceID_: 27551
      groupID: 0
    - vertices_:
      - pos: {x: -0.5, y: 0.5, z: 0.5}
        uv: {x: -0.5, y: 0.5}
        color: {r: 1, g: 1, b: 1, a: 1}
      - pos: {x: -0.5, y: 0.5, z: -0.5}
        uv: {x: 0.5, y: 0.5}
        color: {r: 1, g: 1, b: 1, a: 1}
      - pos: {x: -0.5, y: -0.5, z: -0.5}
        uv: {x: 0.5, y: -0.5}
        color: {r: 1, g: 1, b: 1, a: 1}
      - pos: {x: -0.5, y: -0.5, z: 0.5}
        uv: {x: -0.5, y: -0.5}
        color: {r: 1, g: 1, b: 1, a: 1}
      edges_:
      - i0_: 0
        i1_: 1
      - i0_: 1
        i1_: 2
      - i0_: 2
        i1_: 3
      - i0_: 3
        i1_: 0
      uvParams_:
        shift: {x: 0, y: 0}
        scale: {x: 1, y: 1}
        rotation: 0
      plane_:
        normal_: {x: -1, y: 0, z: 0}
        distance_: -0.5
      matID_: 0
      flags_: 0
      instanceID_: 42452
      groupID: 0
    - vertices_:
      - pos: {x: 0.5, y: 0.5, z: -0.5}
        uv: {x: -0.5, y: 0.5}
        color: {r: 1, g: 1, b: 1, a: 1}
      - pos: {x: 0.5, y: 0.5, z: 0.5}
        uv: {x: 0.5, y: 0.5}
        color: {r: 1, g: 1, b: 1, a: 1}
      - pos: {x: 0.5, y: -0.5, z: 0.5}
        uv: {x: 0.5, y: -0.5}
        color: {r: 1, g: 1, b: 1, a: 1}
      - pos: {x: 0.5, y: -0.5, z: -0.5}
        uv: {x: -0.5, y: -0.5}
        color: {r: 1, g: 1, b: 1, a: 1}
      edges_:
      - i0_: 0
        i1_: 1
      - i0_: 1
        i1_: 2
      - i0_: 2
        i1_: 3
      - i0_: 3
        i1_: 0
      uvParams_:
        shift: {x: 0, y: 0}
        scale: {x: 1, y: 1}
        rotation: 0
      plane_:
        normal_: {x: 1, y: 0, z: -0}
        distance_: -0.5
      matID_: 0
      flags_: 0
      instanceID_: 42455
      groupID: 0
    - vertices_:
      - pos: {x: 0.5, y: 0.5, z: 0.5}
        uv: {x: 0, y: 0}
        color: {r: 1, g: 1, b: 1, a: 1}
      - pos: {x: 0.5, y: 0.5, z: -0.5}
        uv: {x: 0, y: 1}
        color: {r: 1, g: 1, b: 1, a: 1}
      - pos: {x: -0.5, y: 0.5, z: -0.5}
        uv: {x: 1, y: 1}
        color: {r: 1, g: 1, b: 1, a: 1}
      edges_:
      - i0_: 0
        i1_: 1
      - i0_: 1
        i1_: 2
      - i0_: 2
        i1_: 0
      uvParams_:
        shift: {x: 0, y: 0}
        scale: {x: 1, y: 1}
        rotation: 0
      plane_:
        normal_: {x: 0, y: 1, z: -0}
        distance_: -0.5
      matID_: 0
      flags_: 1
      instanceID_: 27545
      groupID: 0
    - vertices_:
      - pos: {x: 0.5, y: 0.5, z: 0.5}
        uv: {x: 0, y: 0}
        color: {r: 1, g: 1, b: 1, a: 1}
      - pos: {x: -0.5, y: 0.5, z: -0.5}
        uv: {x: 1, y: 1}
        color: {r: 1, g: 1, b: 1, a: 1}
      - pos: {x: -0.5, y: 0.5, z: 0.5}
        uv: {x: 1, y: 0}
        color: {r: 1, g: 1, b: 1, a: 1}
      edges_:
      - i0_: 0
        i1_: 1
      - i0_: 1
        i1_: 2
      - i0_: 2
        i1_: 0
      uvParams_:
        shift: {x: 0, y: 0}
        scale: {x: 1, y: 1}
        rotation: 0
      plane_:
        normal_: {x: 0, y: 1, z: 0}
        distance_: -0.5
      matID_: 0
      flags_: 1
      instanceID_: 27547
      groupID: 0
    - vertices_:
      - pos: {x: 0.5, y: -0.5, z: 0.0986197}
        uv: {x: -0.5, y: -0.0986197}
        color: {r: 1, g: 1, b: 1, a: 1}
      - pos: {x: 0.5, y: -0.5, z: 0.5}
        uv: {x: -0.5, y: -0.5}
        color: {r: 1, g: 1, b: 1, a: 1}
      - pos: {x: -0.5, y: -0.5, z: 0.5}
        uv: {x: 0.5, y: -0.5}
        color: {r: 1, g: 1, b: 1, a: 1}
      - pos: {x: -0.0986197, y: -0.5, z: 0.0986197}
        uv: {x: 0.0986197, y: -0.0986197}
        color: {r: 1, g: 1, b: 1, a: 1}
      edges_:
      - i0_: 0
        i1_: 1
      - i0_: 1
        i1_: 2
      - i0_: 2
        i1_: 3
      - i0_: 3
        i1_: 0
      uvParams_:
        shift: {x: 0, y: 0}
        scale: {x: 1, y: 1}
        rotation: 0
      plane_:
        normal_: {x: 0, y: -1, z: 0}
        distance_: -0.5
      matID_: 0
      flags_: 0
      instanceID_: 38258
      groupID: 0
    - vertices_:
      - pos: {x: 0.5, y: -0.5, z: -0.5}
        uv: {x: -0.5, y: 0.5}
        color: {r: 1, g: 1, b: 1, a: 1}
      - pos: {x: 0.5, y: -0.5, z: -0.1624677}
        uv: {x: -0.5, y: 0.16246772}
        color: {r: 1, g: 1, b: 1, a: 1}
      - pos: {x: 0.16246772, y: -0.5, z: -0.1624677}
        uv: {x: -0.16246772, y: 0.16246772}
        color: {r: 1, g: 1, b: 1, a: 1}
      edges_:
      - i0_: 0
        i1_: 1
      - i0_: 1
        i1_: 2
      - i0_: 2
        i1_: 0
      uvParams_:
        shift: {x: 0, y: 0}
        scale: {x: 1, y: 1}
        rotation: 0
      plane_:
        normal_: {x: 0, y: -1, z: 0}
        distance_: -0.5
      matID_: 0
      flags_: 0
      instanceID_: 38259
      groupID: 0
    - vertices_:
      - pos: {x: 0.5, y: -0.5, z: -0.5}
        uv: {x: -0.5, y: 0.5}
        color: {r: 1, g: 1, b: 1, a: 1}
      - pos: {x: 0.16246772, y: -0.5, z: -0.1624677}
        uv: {x: -0.16246772, y: 0.16246772}
        color: {r: 1, g: 1, b: 1, a: 1}
      - pos: {x: -0.5, y: -0.5, z: -0.1624677}
        uv: {x: 0.5, y: 0.16246772}
        color: {r: 1, g: 1, b: 1, a: 1}
      - pos: {x: -0.5, y: -0.5, z: -0.5}
        uv: {x: 0.5, y: 0.5}
        color: {r: 1, g: 1, b: 1, a: 1}
      edges_:
      - i0_: 0
        i1_: 1
      - i0_: 1
        i1_: 2
      - i0_: 2
        i1_: 3
      - i0_: 3
        i1_: 0
      uvParams_:
        shift: {x: 0, y: 0}
        scale: {x: 1, y: 1}
        rotation: 0
      plane_:
        normal_: {x: 0, y: -1, z: 0}
        distance_: -0.5
      matID_: 0
      flags_: 0
      instanceID_: 38261
      groupID: 0
    - vertices_:
      - pos: {x: -0.0986197, y: -0.5, z: 0.0986197}
        uv: {x: 0.0986197, y: -0.0986197}
        color: {r: 1, g: 1, b: 1, a: 1}
      - pos: {x: -0.5, y: -0.5, z: 0.5}
        uv: {x: 0.5, y: -0.5}
        color: {r: 1, g: 1, b: 1, a: 1}
      - pos: {x: -0.5, y: -0.5, z: 0.0986197}
        uv: {x: 0.5, y: -0.0986197}
        color: {r: 1, g: 1, b: 1, a: 1}
      edges_:
      - i0_: 0
        i1_: 1
      - i0_: 1
        i1_: 2
      - i0_: 2
        i1_: 0
      uvParams_:
        shift: {x: 0, y: 0}
        scale: {x: 1, y: 1}
        rotation: 0
      plane_:
        normal_: {x: 0, y: -1, z: 0}
        distance_: -0.5
      matID_: 0
      flags_: 0
      instanceID_: 38262
      groupID: 0
    - vertices_:
      - pos: {x: 0.5, y: -0.5, z: 0.0986197}
        uv: {x: 0.5, y: 0.0986197}
        color: {r: 1, g: 1, b: 1, a: 1}
      - pos: {x: 0.5000019, y: -0.5, z: -0.1624677}
        uv: {x: 0.5000019, y: -0.16246772}
        color: {r: 1, g: 1, b: 1, a: 1}
      - pos: {x: -0.4999981, y: -0.5, z: -0.1624677}
        uv: {x: -0.4999981, y: -0.16246772}
        color: {r: 1, g: 1, b: 1, a: 1}
      - pos: {x: -0.5, y: -0.5, z: 0.0986197}
        uv: {x: -0.5, y: 0.0986197}
        color: {r: 1, g: 1, b: 1, a: 1}
      edges_:
      - i0_: 0
        i1_: 3
      - i0_: 3
        i1_: 2
      - i0_: 2
        i1_: 1
      - i0_: 1
        i1_: 0
      uvParams_:
        shift: {x: 0, y: 0}
        scale: {x: 1, y: 1}
        rotation: 0
      plane_:
        normal_: {x: -0, y: -1, z: -0}
        distance_: -0.5
      matID_: 0
      flags_: 0
      instanceID_: 42462
      groupID: 0
    mainPolygonsStream: 
    subPolygons_: []
    smoothingGroups_:
      smoothing_groups_: []
      smoothingGroupStream_: 
    edgeSharpnesses_:
      edgeSharpnesses_: []
    mirrorMode_:
      enable: 0
      plane:
        normal_: {x: 0, y: 0, z: 0}
        distance_: 0
    uvIslandManager_:
      uvislands_:
      - polygonsAndIDs_:
        - polygonID_: 27541
        instanceID_: 27565
        selected: 0
      - polygonsAndIDs_:
        - polygonID_: 27543
        instanceID_: 27566
        selected: 0
      - polygonsAndIDs_:
        - polygonID_: 27545
        instanceID_: 27567
        selected: 0
      - polygonsAndIDs_:
        - polygonID_: 27547
        instanceID_: 27568
        selected: 0
      - polygonsAndIDs_:
        - polygonID_: 27549
        instanceID_: 27569
        selected: 0
      - polygonsAndIDs_:
        - polygonID_: 27551
        instanceID_: 27570
        selected: 0
      uvislandsStream_: 
    polygonGroupManager_:
      polygonGroups_: []
    activePolygonGroupId: 0
    IsBuilt: 0
  backfaces_: 0
  materials:
  - {fileID: 2100000, guid: 99c80548b1df7044281ddaed1d658ead, type: 2}
  editMode: 1
  recalculateTangents: 1
  serializedGuid: 
  assetPath: 
  isInvisibleObject: 0
  mainRenderableMesh: {fileID: 0}
--- !u!64 &7746209064898433419
MeshCollider:
  m_ObjectHideFlags: 0
  m_CorrespondingSourceObject: {fileID: 0}
  m_PrefabInstance: {fileID: 0}
  m_PrefabAsset: {fileID: 0}
  m_GameObject: {fileID: 7746209064898433462}
  m_Material: {fileID: 0}
  m_IsTrigger: 0
  m_Enabled: 1
  serializedVersion: 4
  m_Convex: 0
  m_CookingOptions: 30
  m_Mesh: {fileID: 0}
